% Encoding: UTF-8

@Misc{web:wikidata,
  Author                   = {Wikimedia},
  Title                    = {Wikidata},
  Year                     = {2019},
  Note                     = {Last accessed 30 September 2022. \url{https://www.wikidata.org/wiki/Wikidata:Main_Page}},
}
